<?xml version='1.0' encoding='utf-8'?>
<record xmlns="http://www.loc.gov/MARC21/slim" xmlns:xsi="http://www.w3.org/2001/XMLSchema-instance" xsi:schemaLocation="http://www.loc.gov/MARC21/slim http://www.loc.gov/standards/marcxml/schema/MARC21slim.xsd">
  <leader>00000npca 2200541za 4500</leader>
  <controlfield tag="005">20150218162123.0</controlfield>
  <controlfield tag="008">961118i19232004miu                 eng d</controlfield>
  <datafield tag="035" ind1=" " ind2=" ">
    <subfield code="a">(OCoLC)ocm84431173</subfield>
  </datafield>
  <datafield tag="040" ind1=" " ind2=" ">
    <subfield code="a">MiU-H</subfield>
    <subfield code="c">MiU-H</subfield>
    <subfield code="e">appm</subfield>
  </datafield>
  <datafield tag="100" ind1="1" ind2=" ">
    <subfield code="a">Muschenheim, William.</subfield>
  </datafield>
  <datafield tag="245" ind1="1" ind2="0">
    <subfield code="a">William Muschenheim papers,</subfield>
    <subfield code="f">1923-2004</subfield>
    <subfield code="g">(bulk 1951-1985).</subfield>
  </datafield>
  <datafield tag="300" ind1=" " ind2=" ">
    <subfield code="a">13.5 linear feet (in 15 boxes) and 7 flat drawers .</subfield>
  </datafield>
  <datafield tag="351" ind1=" " ind2=" ">
    <subfield code="3">Papers</subfield>
    <subfield code="a">Arranged in seven series: 1. Biographical and Professional Materials. 2. University of Michigan Teaching Career, College of Architecture and Design. 3. Publications and Research. 4. Work Files. 5. Photographs and Accompanying Material. 6. Presentation Boards. 7. Original Drawings and Prints. 8. Digitization Project.</subfield>
  </datafield>
  <datafield tag="545" ind1="0" ind2=" ">
    <subfield code="a">Architect William E. Muschenheim was born in New York City and grew up in the Times Square district next to the family-managed Hotel Astor. A fellow of the American Institute of Architects and professor of architecture at the University of Michigan, Muschenheim studied at Williams College and Massachusetts Institute of Technology before attending the architectural atelier of Peter Behrens, Vienna (Austria) Academy of Fine Arts, where he won the Behrens prize in 1927.</subfield>
  </datafield>
  <datafield tag="545" ind1="0" ind2=" ">
    <subfield code="a">He joined the offices of Peabody, Wilson and Brown in 1929, was a designer with Joseph Urban from 1930 to 1933, and began a private practice in New York in 1934. A pioneering modernist and noted color theorist, Muschenheim was a member of the International Congress for Modern Architecture from its inception. Early New York projects which received international recognition include his Bath Houses on the Dunes, Hotel Astor renovations, the Marine Transportation Building at the 1939 World's Fair;</subfield>
  </datafield>
  <datafield tag="545" ind1="0" ind2=" ">
    <subfield code="a">the Solomon R. Guggenheim Museum for Non-Objective Art, and various projects in Hampton Bays. Although Muschenheim continued private practice after joining the faculty of the College of Architecture and Design in Ann Arbor in 1950, a major focus was on teaching and research. He was instrumental in introducing new material to the architectural curriculum, emphasizing an integration of disciplines (architecture, history, sociology, economics, philosophy),</subfield>
  </datafield>
  <datafield tag="545" ind1="0" ind2=" ">
    <subfield code="a">and played a major role in legitimizing the modern movement in an academic environment. Research interests resulted in numerous publications examining architectural curricula around the world and the publication of two books, Elements of the Art of Architecture and Why Architecture.</subfield>
  </datafield>
  <datafield tag="520" ind1="2" ind2=" ">
    <subfield code="a">The collection is comprised of six series: Biographical and Professional Materials; University of Michigan Teaching Career, College of Architecture and Design; Publications and Research; Work Files; Photographs and Accompanying Material; and Presentation Boards. Papers span the years 1923 to 1990, however the material primarily documents Muschenheim's research and teaching career from 1953 to 1973.</subfield>
  </datafield>
  <datafield tag="520" ind1="2" ind2=" ">
    <subfield code="a">Papers include forms and correspondence regarding AIA fellowship nomination; teaching materials, such as course syllabi, lecture notes, and student papers; exhibition catalogs; manuscripts and published work; color plates prepared for publication of Why Architecture; project files; photographs and slides. Drawings and work files documenting projects numbered 123 to 192 maintain Muschenheim's original numbering scheme and include correspondence, notes, accounts and contracts.</subfield>
  </datafield>
  <datafield tag="520" ind1="2" ind2=" ">
    <subfield code="a">Among the work represented is the William E. Muschenheim House, the Donald E. Rutledge House, and the International Headquarters and Conference Center, Vienna, Austria Competition. Photographs and presentation boards span Muschenheim's full career -- projects conceived at the Behren's School and work representing his early years in New York and later years in Michigan.</subfield>
  </datafield>
  <datafield tag="555" ind1="0" ind2=" ">
    <subfield code="a">Finding aid in the library.</subfield>
  </datafield>
  <datafield tag="500" ind1=" " ind2=" ">
    <subfield code="a">Donor: 7920</subfield>
  </datafield>
  <datafield tag="500" ind1=" " ind2=" ">
    <subfield code="a">Photographs and drawings described separately.</subfield>
  </datafield>
  <datafield tag="555" ind1="0" ind2=" ">
    <subfield code="a">A finding aid describing both the Bentley Historical Library William Muschenheim collection and a parallel collection at the Avery Architectural and Fine Arts Library, Columbia University, is available via World Wide Web at URL: http://quod.lib.umich.edu/cgi/f/findaid/findaid-idx?c=bhlead&amp;idno=umich-bhl-02160</subfield>
  </datafield>
  <datafield tag="651" ind1=" " ind2="0">
    <subfield code="a">Ann Arbor (Mich.)</subfield>
    <subfield code="x">Buildings, structures, etc.</subfield>
  </datafield>
  <datafield tag="650" ind1=" " ind2="0">
    <subfield code="a">Architects</subfield>
    <subfield code="z">Michigan</subfield>
    <subfield code="z">Ann Arbor.</subfield>
  </datafield>
  <datafield tag="650" ind1=" " ind2="0">
    <subfield code="a">Architects</subfield>
    <subfield code="z">New York (State)</subfield>
  </datafield>
  <datafield tag="655" ind1=" " ind2="7">
    <subfield code="a">Architectural drawings.</subfield>
    <subfield code="2">aat</subfield>
  </datafield>
  <datafield tag="650" ind1=" " ind2="0">
    <subfield code="a">Architectural practice</subfield>
    <subfield code="z">New York (State)</subfield>
  </datafield>
  <datafield tag="655" ind1=" " ind2="7">
    <subfield code="a">Architectural records.</subfield>
    <subfield code="2">aat</subfield>
  </datafield>
  <datafield tag="650" ind1=" " ind2="0">
    <subfield code="a">Architecture</subfield>
    <subfield code="v">Designs and plans.</subfield>
  </datafield>
  <datafield tag="650" ind1=" " ind2="0">
    <subfield code="a">Architecture, Domestic</subfield>
    <subfield code="z">Michigan.</subfield>
  </datafield>
  <datafield tag="650" ind1=" " ind2="0">
    <subfield code="a">Architecture, Domestic</subfield>
    <subfield code="z">New York (State)</subfield>
  </datafield>
  <datafield tag="650" ind1=" " ind2="0">
    <subfield code="a">Architecture, Domestic</subfield>
    <subfield code="v">Designs and plans.</subfield>
  </datafield>
  <datafield tag="650" ind1=" " ind2="0">
    <subfield code="a">Architecture, Modern</subfield>
    <subfield code="y">20th century.</subfield>
  </datafield>
  <datafield tag="650" ind1=" " ind2="0">
    <subfield code="a">Housing</subfield>
    <subfield code="z">United States.</subfield>
  </datafield>
  <datafield tag="600" ind1="1" ind2="0">
    <subfield code="a">Muschenheim, William.</subfield>
  </datafield>
  <datafield tag="651" ind1=" " ind2="0">
    <subfield code="a">New York (State)</subfield>
    <subfield code="x">Buildings, structures, etc.</subfield>
  </datafield>
  <datafield tag="651" ind1=" " ind2="0">
    <subfield code="a">Saline (Mich.)</subfield>
    <subfield code="x">Buildings, structures, etc.</subfield>
  </datafield>
  <datafield tag="610" ind1="2" ind2="0">
    <subfield code="a">University of Michigan</subfield>
    <subfield code="x">Faculty.</subfield>
  </datafield>
  <datafield tag="610" ind1="2" ind2="0">
    <subfield code="a">University of Michigan.</subfield>
    <subfield code="b">College of Architecture and Design.</subfield>
  </datafield>
  <datafield tag="650" ind1=" " ind2="0">
    <subfield code="a">Architecture</subfield>
    <subfield code="x">Study and teaching.</subfield>
  </datafield>
  <datafield tag="650" ind1=" " ind2="0">
    <subfield code="a">Architectural practice</subfield>
    <subfield code="z">Michigan</subfield>
    <subfield code="z">Ann Arbor.</subfield>
  </datafield>
  <datafield tag="852" ind1=" " ind2=" ">
    <subfield code="b">Bentley Historical Library,</subfield>
    <subfield code="a">University of Michigan,</subfield>
    <subfield code="e">Ann Arbor, Michigan 48109-2113</subfield>
  </datafield>
  <datafield tag="856" ind1="4" ind2="2">
    <subfield code="3">Finding aid describing both the Bentley Historical Library William Muschenheim collection and a parallel collection at the Avery Architectural and Fine Arts Library, Columbia University:</subfield>
    <subfield code="u">http://quod.lib.umich.edu/cgi/f/findaid/findaid-idx?c=bhlead&amp;idno=umich-bhl-02160</subfield>
  </datafield>
  <datafield tag="997" ind1=" " ind2=" ">
    <subfield code="a">MARS</subfield>
  </datafield>
  <datafield tag="998" ind1=" " ind2=" ">
    <subfield code="c">KLS</subfield>
  </datafield>
</record>
